@Book{P2,
  author     = "Chen-Chung Chang and H. Jerome Keisler",
  title      = "Model Theory",
  publisher  = "North-Holland",
  edition   = {Third},
  year       = 1990,
}

@inproceedings{P1,
  author    = {Hiroki Arimura},
  title     = {Learning Acyclic First-Order {H}orn Sentences from Entailment},
  booktitle = {Proc. of the 8th Intl. Conf. on Algorithmic Learning Theory, ALT '97},
  year      = {1997},
  pages     = {432-445},
  ee        = {http://dx.doi.org/10.1007/3-540-63577-7_59},
  bibsource = {DBLP, http://dblp.uni-trier.de}
}

@misc{noauthor_compcert_nodate,
	title = {{CompCert}},
	howpublished = {\url{http://compcert.inria.fr/ }},
	note = {Accessed: 10/03/2020}
}

@misc{coq_website,
    title = {{Coq}},
    howpublished = {\url{https://coq.inria.fr/l}},
    note = {Accessed: 24/03/2020}
}

@online{coq_extraction,
  author = {Inria},
  title = {Extraction of programs in OCaml and Haskell - Coq 8.11.1 documentation},
  year = 2020,
  url = {https://coq.inria.fr/refman/addendum/extraction.html},
  urldate = {2020-04-14}
}


@misc{iso_standard,
    title={{ISO/IEC 9899:201x (ISO C11) Committee Draft}},
    howpublished={\url{http://www.open-std.org/jtc1/sc22/wg14/www/docs/n1548.pdf}},
    note={Accessed: 10/04/2020}
}

@inproceedings{ramblr,
  title={Ramblr: Making Reassembly Great Again.},
  author={Wang, Ruoyu and Shoshitaishvili, Yan and Bianchi, Antonio and Machiry, Aravind and Grosen, John and Grosen, Paul and Kruegel, Christopher and Vigna, Giovanni},
  booktitle={NDSS},
  year={2017}
}

@inproceedings{andriesse2016depth,
  title={An in-depth analysis of disassembly on full-scale x86/x64 binaries},
  author={Andriesse, Dennis and Chen, Xi and Van Der Veen, Victor and Slowinska, Asia and Bos, Herbert},
  booktitle={25th $\{$USENIX$\}$ Security Symposium ($\{$USENIX$\}$ Security 16)},
  pages={583--600},
  year={2016}
}

@article{jourdan2015formally,
  title={A formally-verified C static analyzer},
  author={Jourdan, Jacques-Henri and Laporte, Vincent and Blazy, Sandrine and Leroy, Xavier and Pichardie, David},
  journal={ACM SIGPLAN Notices},
  volume={50},
  number={1},
  pages={247--259},
  year={2015},
  publisher={ACM New York, NY, USA}
}

@article{leroy2012compcert,
  title={The compcert memory model, version 2},
  author={Leroy, Xavier and Appel, Andrew and Blazy, Sandrine and Stewart, Gordon},
  year={2012}
}

@misc{introduction-to-coq,
    title={A Short Introduction to Coq},
    howpublished={\url{https://coq.inria.fr/a-short-introduction-to-co}},
    note={Accessed: 07/04/2020}
}

@misc{coq-extraction,
    title={Extraction of programs in OCaml and Haskell},
    howpublished={\url{https://coq.inria.fr/refman/addendum/extraction.html}},
    note={Accessed: 02/04/2020}
}

@unpublished{linking-rigorous,
  author       = {Shand A}, 
  title  = {Linking a Rigorous C Interpreter to Compiled C Libraries [dissertation]},
  note       = {University of Edinburgh},
  month        = 6,
  year         = 2019
}

@misc{common-bugs,
    author= {Vlaeminke Ian},
    title = {Common Causes of Bugs in C programs},
    howpublished={\url{http://www.cse.dmu.ac.uk/~drs/ctec1401/bugs.html}},
    note = {Accessed: 17/04/2020}
}

@article{kremenek2008finding,
  title={Finding software bugs with the clang static analyzer},
  author={Kremenek, Ted},
  journal={Apple Inc},
  year={2008}
}

@inproceedings{calcagno2011infer,
  title={Infer: An automatic program verifier for memory safety of C programs},
  author={Calcagno, Cristiano and Distefano, Dino},
  booktitle={NASA Formal Methods Symposium},
  pages={459--465},
  year={2011},
  organization={Springer}
}

@article{chess2004static,
  title={Static analysis for security},
  author={Chess, Brian and McGraw, Gary},
  journal={IEEE security \& privacy},
  volume={2},
  number={6},
  pages={76--79},
  year={2004},
  publisher={IEEE}
}

@article{ernst2007daikon,
  title={The Daikon system for dynamic detection of likely invariants},
  author={Ernst, Michael D and Perkins, Jeff H and Guo, Philip J and McCamant, Stephen and Pacheco, Carlos and Tschantz, Matthew S and Xiao, Chen},
  journal={Science of computer programming},
  volume={69},
  number={1-3},
  pages={35--45},
  year={2007},
  publisher={Elsevier}
}

@inproceedings{serebryany2012addresssanitizer,
  title={AddressSanitizer: A fast address sanity checker},
  author={Serebryany, Konstantin and Bruening, Derek and Potapenko, Alexander and Vyukov, Dmitriy},
  booktitle={Presented as part of the 2012 $\{$USENIX$\}$ Annual Technical Conference ($\{$USENIX$\}$$\{$ATC$\}$ 12)},
  pages={309--318},
  year={2012}
}

@inproceedings{seward2005using,
  title={Using Valgrind to Detect Undefined Value Errors with Bit-Precision.},
  author={Seward, Julian and Nethercote, Nicholas}
}

@misc{compilers-interpreters,
    author={Williams, Alexandra},
    title={Understanding How Code is Executed},
    howpublished={\url{https://medium.com/@Alexandra2XU/understanding-how-code-is-executed-464c95e24b0b}},
    note={Accessed: 12/04/2020}
}

@article{ritchie1993development,
  title={The development of the C language},
  author={Ritchie, Dennis M},
  journal={ACM Sigplan Notices},
  volume={28},
  number={3},
  pages={201--208},
  year={1993}
}

@misc{tutorials-point,
    title={C - pointers},
    howpublished={\url{https://www.tutorialspoint.com/cprogramming/c_pointers.htm}},
    note={Acccessed: 17/04/2020}
}

@misc{subprocess,
    title={17.1. subprocess â€” Subprocess management},
    howpublished={\url{https://docs.python.org/2/library/subprocess.html}},
    note={Accessed: 16/04/2020}
}

@article{leroy2014ocaml,
  title={{The OCaml system release 4.02}},
  author={Leroy, Xavier and Doligez, Damien and Frisch, Alain and Garrigue, Jacques and R{\'e}my, Didier and Vouillon, J{\'e}r{\^o}me},
  journal={Institut National de Recherche en Informatique et en Automatique},
  volume={54},
  year={2014}
}

@book{jones2003haskell,
  title={{Haskell 98 language and libraries: the revised report}},
  author={Jones, Simon Peyton},
  year={2003},
  publisher={Cambridge University Press}
}

@book{dybvig2009scheme,
  title={{The SCHEME programming language}},
  author={Dybvig, R Kent},
  year={2009},
  publisher={Mit Press}
}

@misc{objdump,
    title={{objdump (GNU Binary Utilities}},
    howpublished={\url{https://sourceware.org/binutils/docs/binutils/objdump.html}},
    note={Accessed: 12/03/2020}
}

@inproceedings{lattner2008llvm,
  title={{LLVM and Clang: Next generation compiler technology}},
  author={Lattner, Chris},
  booktitle={The BSD conference},
  volume={5},
  year={2008}
}

@misc{interpreter-manual,
    title={{Using the CompCert C Interpreter}},
    howpublished={\url{http://compcert.inria.fr/man/manual004.html}},
    note={Accessed: 02/04/2020}
}
@inproceedings{brumley2011bap,
  title={BAP: A binary analysis platform},
  author={Brumley, David and Jager, Ivan and Avgerinos, Thanassis and Schwartz, Edward J},
  booktitle={International Conference on Computer Aided Verification},
  pages={463--469},
  year={2011},
  organization={Springer}
}

@misc{gdb,
    title={{GDB: The GNU Project Debugger}},
    howpublished={\url{https://www.gnu.org/software/gdb/}},
    note={Accessed: 20/04/2020}
}